<?xml version="1.0" encoding="UTF-8"?>
  <record xmlns="http://www.loc.gov/MARC21/slim" type="Authority">
    <leader>00000nz  a2200000nc 4500</leader>
    <controlfield tag="001">116146125</controlfield>
    <controlfield tag="003">DE-101</controlfield>
    <controlfield tag="005">20220309171548.0</controlfield>
    <controlfield tag="008">950822n||azznnaabn           | aaa    |c</controlfield>
    <datafield tag="024" ind1="7" ind2=" ">
      <subfield code="a">116146125</subfield>
      <subfield code="0">http://d-nb.info/gnd/116146125</subfield>
      <subfield code="2">gnd</subfield>
    </datafield>
    <datafield tag="035" ind1=" " ind2=" ">
      <subfield code="a">(DE-101)116146125</subfield>
    </datafield>
    <datafield tag="035" ind1=" " ind2=" ">
      <subfield code="a">(DE-588)116146125</subfield>
    </datafield>
    <datafield tag="035" ind1=" " ind2=" ">
      <subfield code="z">(DE-588a)116146125</subfield>
      <subfield code="9">v:zg</subfield>
    </datafield>
    <datafield tag="035" ind1=" " ind2=" ">
      <subfield code="z">(DE-588c)4701249-3</subfield>
      <subfield code="9">v:zg</subfield>
    </datafield>
    <datafield tag="040" ind1=" " ind2=" ">
      <subfield code="a">DE-611</subfield>
      <subfield code="c">DE-611</subfield>
      <subfield code="9">r:DE-611</subfield>
      <subfield code="b">ger</subfield>
      <subfield code="d">9999</subfield>
    </datafield>
    <datafield tag="042" ind1=" " ind2=" ">
      <subfield code="a">gnd1</subfield>
    </datafield>
    <datafield tag="043" ind1=" " ind2=" ">
      <subfield code="c">XA-DE</subfield>
    </datafield>
    <datafield tag="065" ind1=" " ind2=" ">
      <subfield code="a">3.6p</subfield>
      <subfield code="2">sswd</subfield>
    </datafield>
    <datafield tag="075" ind1=" " ind2=" ">
      <subfield code="b">p</subfield>
      <subfield code="2">gndgen</subfield>
    </datafield>
    <datafield tag="075" ind1=" " ind2=" ">
      <subfield code="b">piz</subfield>
      <subfield code="2">gndspec</subfield>
    </datafield>
    <datafield tag="079" ind1=" " ind2=" ">
      <subfield code="a">g</subfield>
      <subfield code="q">a</subfield>
      <subfield code="q">f</subfield>
      <subfield code="q">s</subfield>
      <subfield code="q">z</subfield>
      <subfield code="u">k</subfield>
      <subfield code="u">v</subfield>
    </datafield>
    <datafield tag="100" ind1="1" ind2=" ">
      <subfield code="a">Dobereiner, Philipp</subfield>
      <subfield code="d">1535-1577</subfield>
    </datafield>
    <datafield tag="375" ind1=" " ind2=" ">
      <subfield code="a">1</subfield>
      <subfield code="2">iso5218</subfield>
    </datafield>
    <datafield tag="400" ind1="1" ind2=" ">
      <subfield code="a">Döbereiner, Philipp</subfield>
      <subfield code="d">1535-1577</subfield>
    </datafield>
    <datafield tag="400" ind1="1" ind2=" ">
      <subfield code="a">Doberinerus, Philippus</subfield>
      <subfield code="d">1535-1577</subfield>
    </datafield>
    <datafield tag="400" ind1="1" ind2=" ">
      <subfield code="a">Doberainer, Philipp</subfield>
      <subfield code="d">1535-1577</subfield>
    </datafield>
    <datafield tag="400" ind1="1" ind2=" ">
      <subfield code="a">Dobereinner, Philipp</subfield>
      <subfield code="d">1535-1577</subfield>
    </datafield>
    <datafield tag="400" ind1="1" ind2=" ">
      <subfield code="a">Dobreinner, Philipp</subfield>
      <subfield code="d">1535-1577</subfield>
    </datafield>
    <datafield tag="500" ind1="1" ind2=" ">
      <subfield code="a">Blois, François Louis &#152;de&#156;</subfield>
      <subfield code="4">beza</subfield>
      <subfield code="4">https://d-nb.info/standards/elementset/gnd#acquaintanceshipOrFriendship</subfield>
      <subfield code="w">r</subfield>
      <subfield code="i">Bekanntschaft</subfield>
      <subfield code="e">Bekanntschaft</subfield>
      <subfield code="9">v:VD-16 Mitverf.</subfield>
    </datafield>
    <datafield tag="500" ind1="1" ind2=" ">
      <subfield code="0">(DE-101)119634449</subfield>
      <subfield code="0">(DE-588)119634449</subfield>
      <subfield code="0">https://d-nb.info/gnd/119634449</subfield>
      <subfield code="a">Cacciaguerra, Girolamo</subfield>
      <subfield code="4">beza</subfield>
      <subfield code="4">https://d-nb.info/standards/elementset/gnd#acquaintanceshipOrFriendship</subfield>
      <subfield code="w">r</subfield>
      <subfield code="i">Bekanntschaft</subfield>
      <subfield code="e">Bekanntschaft</subfield>
      <subfield code="9">v:VD-16 Mitverf.</subfield>
    </datafield>
    <datafield tag="500" ind1="1" ind2=" ">
      <subfield code="0">(DE-101)118681826</subfield>
      <subfield code="0">(DE-588)118681826</subfield>
      <subfield code="0">https://d-nb.info/gnd/118681826</subfield>
      <subfield code="a">Eisengrein, Martin</subfield>
      <subfield code="d">1535-1578</subfield>
      <subfield code="4">beza</subfield>
      <subfield code="4">https://d-nb.info/standards/elementset/gnd#acquaintanceshipOrFriendship</subfield>
      <subfield code="w">r</subfield>
      <subfield code="i">Bekanntschaft</subfield>
      <subfield code="e">Bekanntschaft</subfield>
      <subfield code="9">v:VD-16 Mitverf.</subfield>
    </datafield>
    <datafield tag="500" ind1="0" ind2=" ">
      <subfield code="a">Engelhardus</subfield>
      <subfield code="c">von Langheim</subfield>
      <subfield code="4">beza</subfield>
      <subfield code="4">https://d-nb.info/standards/elementset/gnd#acquaintanceshipOrFriendship</subfield>
      <subfield code="w">r</subfield>
      <subfield code="i">Bekanntschaft</subfield>
      <subfield code="e">Bekanntschaft</subfield>
      <subfield code="9">v:VD-16 Mitverf.</subfield>
    </datafield>
    <datafield tag="500" ind1="1" ind2=" ">
      <subfield code="a">Hemert, Antoon &#152;van&#156;</subfield>
      <subfield code="4">beza</subfield>
      <subfield code="4">https://d-nb.info/standards/elementset/gnd#acquaintanceshipOrFriendship</subfield>
      <subfield code="w">r</subfield>
      <subfield code="i">Bekanntschaft</subfield>
      <subfield code="e">Bekanntschaft</subfield>
      <subfield code="9">v:VD-16 Mitverf.</subfield>
    </datafield>
    <datafield tag="500" ind1="0" ind2=" ">
      <subfield code="a">Innocentius III.</subfield>
      <subfield code="c">Papst</subfield>
      <subfield code="4">beza</subfield>
      <subfield code="4">https://d-nb.info/standards/elementset/gnd#acquaintanceshipOrFriendship</subfield>
      <subfield code="w">r</subfield>
      <subfield code="i">Bekanntschaft</subfield>
      <subfield code="e">Bekanntschaft</subfield>
      <subfield code="9">v:Papst; VD-16 Mitverf.</subfield>
    </datafield>
    <datafield tag="500" ind1="1" ind2=" ">
      <subfield code="0">(DE-101)119317230</subfield>
      <subfield code="0">(DE-588)119317230</subfield>
      <subfield code="0">https://d-nb.info/gnd/119317230</subfield>
      <subfield code="a">Lauther, Georg</subfield>
      <subfield code="d">ca. um 1540-1610</subfield>
      <subfield code="4">beza</subfield>
      <subfield code="4">https://d-nb.info/standards/elementset/gnd#acquaintanceshipOrFriendship</subfield>
      <subfield code="w">r</subfield>
      <subfield code="i">Bekanntschaft</subfield>
      <subfield code="e">Bekanntschaft</subfield>
      <subfield code="9">v:VD-16 Mitverf.</subfield>
    </datafield>
    <datafield tag="500" ind1="1" ind2=" ">
      <subfield code="0">(DE-101)129118664</subfield>
      <subfield code="0">(DE-588)129118664</subfield>
      <subfield code="0">https://d-nb.info/gnd/129118664</subfield>
      <subfield code="a">Loarte, Gaspar &#152;de&#156;</subfield>
      <subfield code="d">1498-1578</subfield>
      <subfield code="4">beza</subfield>
      <subfield code="4">https://d-nb.info/standards/elementset/gnd#acquaintanceshipOrFriendship</subfield>
      <subfield code="w">r</subfield>
      <subfield code="i">Bekanntschaft</subfield>
      <subfield code="e">Bekanntschaft</subfield>
      <subfield code="9">v:VD-16 Mitverf.</subfield>
    </datafield>
    <datafield tag="500" ind1="0" ind2=" ">
      <subfield code="0">(DE-101)118729640</subfield>
      <subfield code="0">(DE-588)118729640</subfield>
      <subfield code="0">https://d-nb.info/gnd/118729640</subfield>
      <subfield code="a">Luis</subfield>
      <subfield code="c">de Granada</subfield>
      <subfield code="d">1504-1588</subfield>
      <subfield code="4">beza</subfield>
      <subfield code="4">https://d-nb.info/standards/elementset/gnd#acquaintanceshipOrFriendship</subfield>
      <subfield code="w">r</subfield>
      <subfield code="i">Bekanntschaft</subfield>
      <subfield code="e">Bekanntschaft</subfield>
      <subfield code="9">v:VD-16 Mitverf.</subfield>
    </datafield>
    <datafield tag="500" ind1="1" ind2=" ">
      <subfield code="0">(DE-101)119810271</subfield>
      <subfield code="0">(DE-588)119810271</subfield>
      <subfield code="0">https://d-nb.info/gnd/119810271</subfield>
      <subfield code="a">Rotier, Esprit</subfield>
      <subfield code="d">1490-1563</subfield>
      <subfield code="4">beza</subfield>
      <subfield code="4">https://d-nb.info/standards/elementset/gnd#acquaintanceshipOrFriendship</subfield>
      <subfield code="w">r</subfield>
      <subfield code="i">Bekanntschaft</subfield>
      <subfield code="e">Bekanntschaft</subfield>
      <subfield code="9">v:VD-16 Mitverf.</subfield>
    </datafield>
    <datafield tag="548" ind1=" " ind2=" ">
      <subfield code="a">1535-1577</subfield>
      <subfield code="4">datl</subfield>
      <subfield code="4">https://d-nb.info/standards/elementset/gnd#dateOfBirthAndDeath</subfield>
      <subfield code="w">r</subfield>
      <subfield code="i">Lebensdaten</subfield>
    </datafield>
    <datafield tag="548" ind1=" " ind2=" ">
      <subfield code="a">XX.XX.1535-22.01.1577</subfield>
      <subfield code="4">datx</subfield>
      <subfield code="4">https://d-nb.info/standards/elementset/gnd#dateOfBirthAndDeath</subfield>
      <subfield code="w">r</subfield>
      <subfield code="i">Exakte Lebensdaten</subfield>
    </datafield>
    <datafield tag="667" ind1=" " ind2=" ">
      <subfield code="a">12</subfield>
    </datafield>
    <datafield tag="667" ind1=" " ind2=" ">
      <subfield code="a">VD-17</subfield>
    </datafield>
    <datafield tag="667" ind1=" " ind2=" ">
      <subfield code="a">VD-16</subfield>
    </datafield>
    <datafield tag="670" ind1=" " ind2=" ">
      <subfield code="a">Biogr.-bibliogr. Kirchenlexikon</subfield>
    </datafield>
    <datafield tag="670" ind1=" " ind2=" ">
      <subfield code="a">Wikipedia</subfield>
      <subfield code="b">Stand: 16.06.2021</subfield>
      <subfield code="u">https://de.wikipedia.org/wiki/Philipp_Dobereiner</subfield>
    </datafield>
    <datafield tag="672" ind1=" " ind2="0">
      <subfield code="a">Dobereiner, Philipp: Der geistliche Brunn der durstigen Seele. - ca. 1595</subfield>
    </datafield>
    <datafield tag="672" ind1=" " ind2="0">
      <subfield code="a">Dobereiner, Philipp: Der geistliche Brunn der durstigen Seel. - s.a.</subfield>
    </datafield>
    <datafield tag="672" ind1=" " ind2="0">
      <subfield code="a">Dobereiner, Philipp: Der geistliche Brunn der durstigen Seel</subfield>
      <subfield code="f">1590</subfield>
    </datafield>
    <datafield tag="672" ind1=" " ind2="0">
      <subfield code="a">Dobereiner, Philipp: Conclave animae ...</subfield>
      <subfield code="f">1570</subfield>
    </datafield>
    <datafield tag="672" ind1=" " ind2="0">
      <subfield code="a">Dobereiner, Philipp: Zwei schöne Histori ... die erst von dem Gottseligen Leben ... der H*</subfield>
      <subfield code="f">1574</subfield>
    </datafield>
    <datafield tag="672" ind1=" " ind2="0">
      <subfield code="a">Dobereiner, Philipp: Der Calvinisten Kehrab</subfield>
      <subfield code="f">1570</subfield>
    </datafield>
    <datafield tag="672" ind1=" " ind2="0">
      <subfield code="a">Dobereiner, Philipp: Ein edles Schatzbüchlein der göttlichen Liebe auß dem Pharetra Div*</subfield>
      <subfield code="f">1563</subfield>
    </datafield>
    <datafield tag="672" ind1=" " ind2="0">
      <subfield code="a">Dobereiner, Philipp: Ein edles Schatzbüchlein ... der göttlichen Liebe auß dem Pharetra*</subfield>
      <subfield code="f">1579</subfield>
    </datafield>
    <datafield tag="672" ind1=" " ind2="0">
      <subfield code="a">Dobereiner, Philipp: Ein edles Schatzbüchlein der göttlichen Liebe auß dem Pharetra Div*</subfield>
      <subfield code="f">1585</subfield>
    </datafield>
    <datafield tag="672" ind1=" " ind2="0">
      <subfield code="a">Dobereiner, Philipp: Regiment vnnd Artzney Büchlein</subfield>
      <subfield code="f">1570</subfield>
    </datafield>
    <datafield tag="672" ind1=" " ind2="0">
      <subfield code="a">Hemert, Antoon van: Christenlicher Trostspiegel. Jn drey Hauptstuck gethailet für alle Christen die ...  1565.  (VD16 H 1829)</subfield>
    </datafield>
    <datafield tag="672" ind1=" " ind2="0">
      <subfield code="a">Eisengrein, Martin: Brevis regula tironis spiritualis.  1584.  (VD16 E 778)</subfield>
    </datafield>
    <datafield tag="672" ind1=" " ind2="0">
      <subfield code="a">Dobereiner, Philipp: Der geistlich Brunn der dürstigen Seel.  1597.  (VD16 ZV 408)</subfield>
    </datafield>
    <datafield tag="672" ind1=" " ind2="0">
      <subfield code="a">Luis &lt;de Granada&gt;: Memoriale Granatae, Das guelden Denckbuechlein: von einem volkommenen Christen. Der ...  1584.  (VD16 L 3250)</subfield>
    </datafield>
    <datafield tag="672" ind1=" " ind2="0">
      <subfield code="a">Luis &lt;de Granada&gt;: Memoriale Granatae, Das gueldin Denckbuechlein darin vmb besser gedächtnueß willen ...  1574-1576.  (VD16 L 3247)</subfield>
    </datafield>
    <datafield tag="672" ind1=" " ind2="0">
      <subfield code="a">Loarte, Gaspar de: Der Geistliche Hertzentroester fuer alle betruebte angefochtene arme krancke ...  1577.  (VD16 L 2159)</subfield>
    </datafield>
    <datafield tag="672" ind1=" " ind2="0">
      <subfield code="a">Loarte, Gaspar de: Rosenkrantzbuechlein Darin die heiligen Gehaimnussen von den fuenff Freuden fuenff ...  1581.  (VD16 L 2162)</subfield>
    </datafield>
    <datafield tag="672" ind1=" " ind2="0">
      <subfield code="a">Dobereiner, Philipp: Der Geistlich Bruñ der dürstigen Seel die vor allen dingen nach GOTT vnd was ...  1577.  (VD16 D 2105)</subfield>
    </datafield>
    <datafield tag="672" ind1=" " ind2="0">
      <subfield code="a">Luis &lt;de Granada&gt;: Exercitia Granatae. Das ist Geistliche vbung mit denen sich die andaechtige Seel ...  1570.  (VD16 L 3237)</subfield>
    </datafield>
    <datafield tag="672" ind1=" " ind2="0">
      <subfield code="a">Cacciaguerra, Girolamo: Trattato della communione.  1571.  (VD16 C 3)</subfield>
    </datafield>
    <datafield tag="678" ind1=" " ind2=" ">
      <subfield code="b">geb. in Tirschenreuth/Oberpfalz; Studium in Ingolstadt; Dt. Theologe; Dechant in München</subfield>
    </datafield>
    <datafield tag="913" ind1=" " ind2=" ">
      <subfield code="S">pnd</subfield>
      <subfield code="i">a</subfield>
      <subfield code="a">Dobereiner, Philipp</subfield>
      <subfield code="0">(DE-588a)116146125</subfield>
    </datafield>
  </record>
